<record><leader>00000cas a2200000 a 4500</leader><controlfield tag="001">13461387</controlfield><controlfield tag="008">860421d19861992caudr ne      0   a0eng d</controlfield><datafield ind1=" " ind2=" " tag="010"><subfield code="a">sn 86010904 </subfield></datafield><datafield ind1=" " ind2=" " tag="040"><subfield code="a">CUZ</subfield><subfield code="b">eng</subfield><subfield code="c">CUZ</subfield><subfield code="d">NSD</subfield><subfield code="d">OCL</subfield><subfield code="d">NSD</subfield><subfield code="d">CNK</subfield><subfield code="d">OCL</subfield><subfield code="d">OCLCQ</subfield><subfield code="d">CNK</subfield><subfield code="d">OCLCQ</subfield><subfield code="d">OCLCF</subfield><subfield code="d">OCLCO</subfield></datafield><datafield ind1=" " ind2=" " tag="012"><subfield code="b">3</subfield><subfield code="l">1</subfield><subfield code="m">1</subfield></datafield><datafield ind1=" " ind2=" " tag="019"><subfield code="a">13461394</subfield></datafield><datafield ind1="1" ind2=" " tag="022"><subfield code="a">0889-3101</subfield><subfield code="l">0889-3101</subfield><subfield code="2">1</subfield></datafield><datafield ind1="1" ind2=" " tag="029"><subfield code="a">AU@</subfield><subfield code="b">000020433098</subfield></datafield><datafield ind1="1" ind2=" " tag="029"><subfield code="a">NZ1</subfield><subfield code="b">16052856</subfield></datafield><datafield ind1=" " ind2=" " tag="032"><subfield code="a">360840</subfield><subfield code="b">USPS</subfield></datafield><datafield ind1=" " ind2=" " tag="037"><subfield code="b">Monterey Peninsula Herald Co., Pacific and Jefferson Sts., P.O. Box 271, Monterey, CA 93942</subfield></datafield><datafield ind1=" " ind2=" " tag="042"><subfield code="a">nsdp</subfield><subfield code="a">msc</subfield></datafield><datafield ind1=" " ind2=" " tag="043"><subfield code="a">n-us-ca</subfield></datafield><datafield ind1="0" ind2=" " tag="130"><subfield code="a">Herald (Monterey, Calif.)</subfield></datafield><datafield ind1=" " ind2="4" tag="222"><subfield code="a">The Herald</subfield><subfield code="b">(Monterey, Calif.)</subfield></datafield><datafield ind1="1" ind2="4" tag="245"><subfield code="a">The herald.</subfield></datafield><datafield ind1="3" ind2="0" tag="246"><subfield code="a">Sunday herald</subfield></datafield><datafield ind1=" " ind2=" " tag="260"><subfield code="a">Monterey, CA :</subfield><subfield code="b">Monterey Peninsula Herald Co.,</subfield><subfield code="c">1986-1992.</subfield></datafield><datafield ind1=" " ind2=" " tag="300"><subfield code="a">v. :</subfield><subfield code="b">ill. ;</subfield><subfield code="c">58 cm.</subfield></datafield><datafield ind1=" " ind2=" " tag="310"><subfield code="a">Daily</subfield></datafield><datafield ind1="0" ind2=" " tag="362"><subfield code="a">64th year, no. 290 (Mar. 31, 1986)-70th year, no. 310 (Apr. 19, 1992).</subfield></datafield><datafield ind1=" " ind2=" " tag="500"><subfield code="a">"The newspaper of the Monterey Peninsula."</subfield></datafield><datafield ind1=" " ind2=" " tag="500"><subfield code="a">Sunday editions have title: The Sunday herald.</subfield></datafield><datafield ind1=" " ind2=" " tag="530"><subfield code="a">Master negatives are available for duplication from:</subfield><subfield code="b">California Newspaper Microfilm Archive;</subfield><subfield code="c">positive copies may be purchased by the reel; for further information consult the CNMA at:</subfield><subfield code="u">http://cbsr.ucr.edu</subfield></datafield><datafield ind1=" " ind2=" " tag="588"><subfield code="a">Latest issue consulted: 64th year, no. 359 (Sunday, June 8, 1986).</subfield></datafield><datafield ind1=" " ind2="0" tag="651"><subfield code="a">Monterey County (Calif.)</subfield><subfield code="v">Newspapers.</subfield></datafield><datafield ind1=" " ind2="7" tag="655"><subfield code="a">Newspapers.</subfield><subfield code="2">fast</subfield><subfield code="0">(OCoLC)fst01423814</subfield></datafield><datafield ind1=" " ind2="7" tag="651"><subfield code="a">California</subfield><subfield code="z">Monterey County.</subfield><subfield code="2">fast</subfield><subfield code="0">(OCoLC)fst01208098</subfield></datafield><datafield ind1=" " ind2=" " tag="752"><subfield code="a">United States</subfield><subfield code="b">California</subfield><subfield code="c">Monterey</subfield><subfield code="d">Monterey.</subfield></datafield><datafield ind1="0" ind2="0" tag="780"><subfield code="t">Monterey Peninsula herald</subfield><subfield code="w">(DLC)sn 91066483</subfield><subfield code="w">(OCoLC)11554924</subfield></datafield><datafield ind1="0" ind2="0" tag="785"><subfield code="t">Monterey County herald</subfield><subfield code="w">(DLC)sn 95061942</subfield></datafield></record>